% Encoding: windows-1252
@article{stewart:1965,
    author={D. Stewart},
    TITLE={A platform with six degrees of freedom},
    JOURNAL="Proceedings of the institution of mechanical engineers",
    YEAR=1965
}

@misc{reinholtz:1990,
    author={Reinholtz{,} V. A. and Watson, L. T.},
    title={Enumeration and analysis of variable geometry truss manipulators.},
    year=1990,
    note={Department of Computer Science{,} Virginia Polytechnic Institute and State University}}

@techreport{rhodes:1985,
    author={M. D. Rhodes and M. M. Mikulas},
    title={Deployable controllable geometry truss beam},
    year=1985,
    institution={National Aeronautics and Space Administration, Scientific and Technical Information Branch}}

@article{spinos:2017,
    author={A. Spinos{,} D. Carroll{,} T. Kientz{,} and M. Yim},
    title={Variable topology truss: Design and analysis},
    year=2017,
    journal={Proceedings of the IEEE/RSJ International Conference on Intelligent Robots and Systems (IROS), Vancouver, BC},
    pages={2717-2722},
    note={DOI: 10.1109/IROS.2017.8206098}}

@article{hamlin:2013,
    author={G. J. Hamlin and A. C. Sanderson},
    title={Tetrobot: A Modular Approach to Reconfigurable Parallel Robotics},
    year=2013,
    journal={Volume 423 of The Springer International Series in Engineering and Computer Science, Springer Science \& Business Media},
    note={ISBN: 1461554713, 9781461554714}}

@article{hamlin:1997,
    author={G. J. Hamlin and A. C. Sanderson},
    title={Tetrobot: A modular approach to parallel robotics},
    year=1997,
    journal={IEEE Robotics \& Automation Magazine 4, no. 1},
    pages={42-50},
    doi={10.1109/100.580984}}

@article{sofla:2009,
  author={A. Y. N. Sofla{,} D. M. Elzey and H. N. G. Wadley},
  title={Shape morphing hinged truss structures},
  journal={Smart Materials and Structures},
  volume={18},
  number={6},
  pages={065012},
  url={http://stacks.iop.org/0964-1726/18/i=6/a=065012},
  year={2009},
}

@INPROCEEDINGS{spinos2:2017,
    author={A. Spinos and M. Yim},
    booktitle={2017 14th International Conference on Ubiquitous Robots and Ambient Intelligence (URAI)},
    title={Towards a variable topology truss for shoring},
    year={2017},
    volume={},
    number={},
    pages={244-249},
    doi={10.1109/URAI.2017.7992723},
    ISSN={},
    month={June},
}

@inproceedings{collins:2016,
    author={F. Collins and M. Yim},
    booktitle={Proceedings of the IEEE International Conference on Robotics and Automation (ICRA)},
    title={Design of a spherical robot arm with the spiral zipper prismatic joint},
    year={2016},
    pages={2137-2143}
}

@inproceedings{hammond:2017,
    author={Z. M. Hammond{,} N. S. Usevitch{,} E. W. Hawkes and S. Follmer},
    booktitle={Proceedings of the IEEE International Conference on Robotics and Automation (ICRA)},
    title={Pneumatic Reel Actuator: Design, modeling, and implementation},
    year={2017},
    pages={626-633}
}

@article{subramanian:1995,
    author={Devika Subramanian},
    title={Kinematic synthesis with configuration spaces},
    year=1995,
    journal={Research in Engineering Design},
    volume=7,
    number=3,
    pages={193-213}
}

@inproceedings{bharaj:2015,
    author = {G. Bharaj{,} S. Coros{,} B. Thomaszewski{,} J. Tompkin{,} B. Bickel and H. Pfister},
    title = {Computational Design of Walking Automata},
    booktitle = {Proceedings of the 14th ACM SIGGRAPH / Eurographics Symposium on Computer Animation},
    series = {SCA '15},
    year = {2015},
    isbn = {978-1-4503-3496-9},
    location = {Los Angeles, California},
    pages = {93-100},
    numpages = {8},
    url = {http://doi.acm.org/10.1145/2786784.2786803},
    doi = {10.1145/2786784.2786803},
    acmid = {2786803},
    publisher = {ACM},
    keywords = {animation, fabrication, mechanical characters},
}

@article{zhu:2012,
    author = {L. Zhu{,} W. Xu{,} J. Snyder{,} Y. Liu{,} G. Wang and B. Guo},
    title = {Motion-guided Mechanical Toy Modeling},
    journal = {ACM Trans. Graph.},
    issue_date = {November 2012},
    volume = {31},
    number = {6},
    month = nov,
    year = {2012},
    issn = {0730-0301},
    pages = {127:1--127:10},
    articleno = {127},
    numpages = {10},
    url = {http://doi.acm.org/10.1145/2366145.2366146},
    doi = {10.1145/2366145.2366146},
    acmid = {2366146},
    publisher = {ACM},
    keywords = {MCAD, forward and inverse kinematics, mechanism synthesis, simulated annealing},
}

@article{coros:2013,
 author = {Coros, Stelian and Thomaszewski, Bernhard and Noris, Gioacchino and Sueda, Shinjiro and Forberg, Moira and Sumner, Robert W. and Matusik, Wojciech and Bickel, Bernd},
 title = {Computational Design of Mechanical Characters},
 journal = {ACM Trans. Graph.},
 issue_date = {July 2013},
 volume = {32},
 number = {4},
 month = jul,
 year = {2013},
 issn = {0730-0301},
 pages = {83:1--83:12},
 articleno = {83},
 numpages = {12},
 url = {http://doi.acm.org/10.1145/2461912.2461953},
 doi = {10.1145/2461912.2461953},
 acmid = {2461953},
 publisher = {ACM},
 keywords = {animation, fabrication, interactive design, mechanical characters},
}

@online{linkage,
    author = {Dr. Gábor Erdős},
    title = {Linkage designer},
    url = {http://www.linkagedesigner.com/},
    urldate = {2018-04-03}
}

@inproceedings{jeong:2018,
    author = {Jeong, Yunwoo and Kim, Han-Jong and Nam, Tek-Jin},
    title = {Mechanism Perfboard: An Augmented Reality Environment for Linkage Mechanism Design and Fabrication},
    booktitle = {Proceedings of the 2018 CHI Conference on Human Factors in Computing Systems},
    series = {CHI '18},
    year = {2018},
    isbn = {978-1-4503-5620-6},
    location = {Montreal QC, Canada},
    pages = {411:1--411:11},
    articleno = {411},
    numpages = {11},
    url = {http://doi.acm.org/10.1145/3173574.3173985},
    doi = {10.1145/3173574.3173985},
    acmid = {3173985},
    publisher = {ACM},
    keywords = {augmented reality, computational design, fabrication, linkage mechanism, prototyping},
}

@online{crayon,
    title={Crayon Physics},
    url={http://crayonphysics.com/},
    urldate={2018-04-03}
}

@online{freeCAD,
    title={freeCAD},
    url={http://www.ar-cad.com/freecad/},
    urldate={2018-04-03}
}

@article{prevost:2013,
    author = {Pr{\'e}vost, Romain and Whiting, Emily and Lefebvre, Sylvain and Sorkine-Hornung, Olga},
    title = {Make It Stand: Balancing Shapes for 3D Fabrication},
    journal = {ACM Trans. Graph.},
    issue_date = {July 2013},
    volume = {32},
    number = {4},
    month = jul,
    year = {2013},
    issn = {0730-0301},
    pages = {81:1--81:10},
    articleno = {81},
    numpages = {10},
    url = {http://doi.acm.org/10.1145/2461912.2461957},
    doi = {10.1145/2461912.2461957},
    acmid = {2461957},
    publisher = {ACM},
    keywords = {3D printing, interactive shape modeling, optimization, static equilibrium, structural stability},
}

@article{umetani:2014,
    author = {Umetani, Nobuyuki and Koyama, Yuki and Schmidt, Ryan and Igarashi, Takeo},
    title = {Pteromys: Interactive Design and Optimization of Free-formed Free-flight Model Airplanes},
    journal = {ACM Trans. Graph.},
    issue_date = {July 2014},
    volume = {33},
    number = {4},
    month = jul,
    year = {2014},
    issn = {0730-0301},
    pages = {65:1--65:10},
    articleno = {65},
    numpages = {10},
    url = {http://doi.acm.org/10.1145/2601097.2601129},
    doi = {10.1145/2601097.2601129},
    acmid = {2601129},
    publisher = {ACM},
    keywords = {aerodynamics, fabrication, optimization},
}

@article{chen:2017,
    author = {Chen, Desai and Levin, David I. W. and Matusik, Wojciech and Kaufman, Danny M.},
    title = {Dynamics-aware Numerical Coarsening for Fabrication Design},
    journal = {ACM Trans. Graph.},
    issue_date = {July 2017},
    volume = {36},
    number = {4},
    month = jul,
    year = {2017},
    issn = {0730-0301},
    pages = {84:1--84:15},
    articleno = {84},
    numpages = {15},
    url = {http://doi.acm.org/10.1145/3072959.3073669},
    doi = {10.1145/3072959.3073669},
    acmid = {3073669},
    publisher = {ACM},
    keywords = {contact-impact, deformation, dynamics, fabrication, numerical coarsening},
}

@online{printhuset,
    author={3DPrinthuset},
    url={https://3dprinthuset.dk/},
    urldate={2018-07-30},
    title={3DPrinthuset}
}

@article{epstein:2003,
    author={D.J. Epstein},
    title={Automated construction by contour crafting—related robotics and information technologies},
    year=2003,
    booktitle={Automation in Construction},
    volume=13,
    issue=1,
    pages={5-19},
    address={Department of Industrial & Systems Engineering{,} University of Southern California{,} Los Angels{,} CA 90089-0193{,} USA}
}

@online{apiscor,
    author={Apis Cor},
    url={http://apis-cor.com/en/},
    urldate={2018-07-30},
    title={Apis Cor}
}

@inproceedings{lau:2011,
 author = {Lau, Manfred and Ohgawara, Akira and Mitani, Jun and Igarashi, Takeo},
 title = {Converting 3D Furniture Models to Fabricatable Parts and Connectors},
 booktitle = {ACM SIGGRAPH 2011 Papers},
 series = {SIGGRAPH '11},
 year = {2011},
 isbn = {978-1-4503-0943-1},
 location = {Vancouver, British Columbia, Canada},
 pages = {85:1--85:6},
 articleno = {85},
 numpages = {6},
 url = {http://doi.acm.org/10.1145/1964921.1964980},
 doi = {10.1145/1964921.1964980},
 acmid = {1964980},
 publisher = {ACM},
 keywords = {3D modeling, assembly instructions, exploded view illustrations, fabrication, grammar, procedural modeling},
}

@article{luo:2012,
 author = {Luo, Linjie and Baran, Ilya and Rusinkiewicz, Szymon and Matusik, Wojciech},
 title = {Chopper: Partitioning Models into 3D-printable Parts},
 journal = {ACM Trans. Graph.},
 issue_date = {November 2012},
 volume = {31},
 number = {6},
 month = nov,
 year = {2012},
 issn = {0730-0301},
 pages = {129:1--129:9},
 articleno = {129},
 numpages = {9},
 url = {http://doi.acm.org/10.1145/2366145.2366148},
 doi = {10.1145/2366145.2366148},
 acmid = {2366148},
 publisher = {ACM},
 keywords = {3D printing, mesh segmentation and decomposition},
}

@online{jokic:2016,
    author={Sasa Jokic{,} Petr Novikov{,} Shihui Jin{,} Stuart Maggs{,} Cristina Nan and Dori Sadan},
    url={http://robots.iaac.net/},
    urldate={2016-09-15},
    title={Minibuilders: Robots for 3D printing in construction and design}
}

@article{willmann:2012,
    author = {Jan Willmann and Federico Augugliaro and Thomas Cadalbert and Raffaello D'Andrea and Fabio Gramazio and Matthias Kohler},
    title ={Aerial Robotic Construction towards a New Field of Architectural Research},
    journal = {International Journal of Architectural Computing},
    volume = {10},
    number = {3},
    pages = {439-459},
    year = {2012},
    doi = {10.1260/1478-0771.10.3.439},
    URL = {https://doi.org/10.1260/1478-0771.10.3.439},
    eprint = {https://doi.org/10.1260/1478-0771.10.3.439}
}

@inproceedings{agrawal:2015,
    author = {Agrawal, Harshit and Umapathi, Udayan and Kovacs, Robert and Frohnhofen, Johannes and Chen, Hsiang-Ting and Mueller, Stefanie and Baudisch, Patrick},
    title = {Protopiper: Physically Sketching Room-Sized Objects at Actual Scale},
    booktitle = {Proceedings of the 28th Annual ACM Symposium on User Interface Software \&\#38; Technology},
    series = {UIST '15},
    year = {2015},
    isbn = {978-1-4503-3779-3},
    location = {Charlotte, NC, USA},
    pages = {427--436},
    numpages = {10},
    url = {http://doi.acm.org/10.1145/2807442.2807505},
    doi = {10.1145/2807442.2807505},
    acmid = {2807505},
    publisher = {ACM},
    keywords = {fabrication, rapid prototyping, sketching},
}

@ARTICLE{zimmer:2014,
    author={H. Zimmer and L. Kobbelt},
    journal={IEEE Transactions on Visualization and Computer Graphics},
    title={Zometool Rationalization of Freeform Surfaces},
    year={2014},
    volume={20},
    number={10},
    pages={1461-1473},
    keywords={mesh generation;solid modelling;3D puzzle creation;Zometool modeling;Zometool rationalization;Zometool system;consumer-level rapid-prototyping applications;crystal lattices;disk-topology surfaces;do-it-yourself reproduction;freeform designs;freeform surfaces;hard approximation problem;higher dimensional polyhedra modeling;large-scale architectural applications;marching front approach;mathematical modeling system;meshing;molecules;personal fabrication;product customization;symmetric structures;toy creation;Approximation methods;Geometry;Harmonic analysis;Optimization;Three-dimensional displays;Visualization;Rationalization;Zometool;advancing front;discrete optimization;freeform surface approximation;meshing},
    doi={10.1109/TVCG.2014.2307885},
    ISSN={1077-2626},
    month={Oct}
}

@article{skouras:2015,
    author = {Skouras, M{\'e}lina and Coros, Stelian and Grinspun, Eitan and Thomaszewski, Bernhard},
    title = {Interactive Surface Design with Interlocking Elements},
    journal = {ACM Trans. Graph.},
    issue_date = {November 2015},
    volume = {34},
    number = {6},
    month = oct,
    year = {2015},
    issn = {0730-0301},
    pages = {224:1--224:7},
    articleno = {224},
    numpages = {7},
    url = {http://doi.acm.org/10.1145/2816795.2818128},
    doi = {10.1145/2816795.2818128},
    acmid = {2818128},
    publisher = {ACM},
    keywords = {interlocking, physical surfaces, quadrilateral elements},
}

@inproceedings{weichel:2014,
    author = {Weichel, Christian and Lau, Manfred and Kim, David and Villar, Nicolas and Gellersen, Hans W.},
    title = {MixFab: A Mixed-reality Environment for Personal Fabrication},
    booktitle = {Proceedings of the 32Nd Annual ACM Conference on Human Factors in Computing Systems},
    series = {CHI '14},
    year = {2014},
    isbn = {978-1-4503-2473-1},
    location = {Toronto, Ontario, Canada},
    pages = {3855--3864},
    numpages = {10},
    url = {http://doi.acm.org/10.1145/2556288.2557090},
    doi = {10.1145/2556288.2557090},
    acmid = {2557090},
    publisher = {ACM},
    keywords = {3d modeling, 3d printing, direct manipulation, mixed-reality, personal fabrication},
}

@inproceedings{chen:2015,
    author = {Chen, Xiang 'Anthony' and Coros, Stelian and Mankoff, Jennifer and Hudson, Scott E.},
    title = {Encore: 3D Printed Augmentation of Everyday Objects with Printed-Over, Affixed and Interlocked Attachments},
    booktitle = {Proceedings of the 28th Annual ACM Symposium on User Interface Software \&\#38; Technology},
    series = {UIST '15},
    year = {2015},
    isbn = {978-1-4503-3779-3},
    location = {Charlotte, NC, USA},
    pages = {73--82},
    numpages = {10},
    url = {http://doi.acm.org/10.1145/2807442.2807498},
    doi = {10.1145/2807442.2807498},
    acmid = {2807498},
    publisher = {ACM},
    keywords = {3d printing, analysis, attachments, fabrication},
}

@inproceedings{ashbrook:2016,
    author = {Ashbrook, Daniel and Guo, Shitao Stan and Lambie, Alan},
    title = {Towards Augmented Fabrication: Combining Fabricated and Existing Objects},
    booktitle = {Proceedings of the 2016 CHI Conference Extended Abstracts on Human Factors in Computing Systems},
    series = {CHI EA '16},
    year = {2016},
    isbn = {978-1-4503-4082-3},
    location = {San Jose, California, USA},
    pages = {1510--1518},
    numpages = {9},
    url = {http://doi.acm.org/10.1145/2851581.2892509},
    doi = {10.1145/2851581.2892509},
    acmid = {2892509},
    publisher = {ACM},
    keywords = {3D printing, augmented fabrication, digital fabrication},
}

@inproceedings{devendorf:2015,
    author = {Devendorf, Laura and Ryokai, Kimiko},
    title = {Being the Machine: Reconfiguring Agency and Control in Hybrid Fabrication},
    booktitle = {Proceedings of the 33rd Annual ACM Conference on Human Factors in Computing Systems},
    series = {CHI '15},
    year = {2015},
    isbn = {978-1-4503-3145-6},
    location = {Seoul, Republic of Korea},
    pages = {2477--2486},
    numpages = {10},
    url = {http://doi.acm.org/10.1145/2702123.2702547},
    doi = {10.1145/2702123.2702547},
    acmid = {2702547},
    publisher = {ACM},
    keywords = {3d printing, art, everyday materials, hybrid fabrication},
}

@article{igarashi:2012,
    author = {Igarashi, Yuki and Igarashi, Takeo and Mitani, Jun},
    title = {Beady: Interactive Beadwork Design and Construction},
    journal = {ACM Trans. Graph.},
    issue_date = {July 2012},
    volume = {31},
    number = {4},
    month = jul,
    year = {2012},
    issn = {0730-0301},
    pages = {49:1--49:9},
    articleno = {49},
    numpages = {9},
    url = {http://doi.acm.org/10.1145/2185520.2185545},
    doi = {10.1145/2185520.2185545},
    acmid = {2185545},
    publisher = {ACM},
    keywords = {beadwork, construction guide, face strip, polygonal meshes, simplification, user interface, wire path planning},
}

@misc{gellert,
    howpublished={\url{https://www.behance.net/gallery/27812109/print-to-build-3d-printed-joint-collection/}},
    year={2016},
    title={Print to Build, 3D printed joint collection}
}

@online{divergent,
    url={http://www.divergent3d.com/},
    urldate={2016-09-15},
    title={Divergent3D: The World First 3D Printed Super Car}
}

@online{plasticbottles,
    url={http://www.inspirationgreen.com/plastic-bottle-homes},
    urldate={2016-09-15},
    title={Homes Made from Plastic Bottles}
}

@inproceedings{yamada:2016,
    author = {Yamada, Suguru and Morishige, Hironao and Nozaki, Hiroki and Ogawa, Masaki and Yonezawa, Takuro and Tokuda, Hideyuki},
    title = {ReFabricator: Integrating Everyday Objects for Digital Fabrication},
    booktitle = {Proceedings of the 2016 CHI Conference Extended Abstracts on Human Factors in Computing Systems},
    series = {CHI EA '16},
    year = {2016},
    isbn = {978-1-4503-4082-3},
    location = {San Jose, California, USA},
    pages = {3804--3807},
    numpages = {4},
    url = {http://doi.acm.org/10.1145/2851581.2890237},
    doi = {10.1145/2851581.2890237},
    acmid = {2890237},
    publisher = {ACM},
    keywords = {3D printing, algorithmic modeling, bricolage, computational design, computer graphics, digital fabrication},
}

@book{inoue:2008,
    author={Fumihiro Inoue, Carlos Balaguer and Mohamed Abderrahim},
    title={Robotics and Automation in Construction},
    publisher={IntechOpen},
    year=2008,
    month=10,
    isbn={978-953-7619-13-8},
    note={Chapter 16}
}

@article{huang:1996,
    Author = {Huang, Shengyang and Natori, M. C. and Miura, Kohichi},
    Journal = {Journal of Guidance, Control, and Dynamics},
    Number = {4},
    Pages = {756--763},
    Title = {Motion control of free-floating variable geometry truss. I - Kinematics},
    Volume = {19},
    Year = {1996}
}
