%%%%%%%%%%%%%%%%%%%%%%%%%%%%%%%%%
% Cross-References
%%%%%%%%%%%%%%%%%%%%%%%%%%%%%%%%%
@proceedings{DBLP:conf/chi/2015,
  editor    = {Bo Begole and
               Jinwoo Kim and
               Kori Inkpen and
               Woontack Woo},
  title     = {Proceedings of the 33rd Annual {ACM} Conference on Human Factors in
               Computing Systems, {CHI} 2015, Seoul, Republic of Korea, April 18-23,
               2015},
  publisher = {{ACM}},
  year      = {2015},
  url       = {http://dl.acm.org/citation.cfm?id=2702123},
  isbn      = {978-1-4503-3145-6},
  timestamp = {Sun, 19 Apr 2015 12:50:07 +0200},
  biburl    = {http://dblp.uni-trier.de/rec/bib/conf/chi/2015},
  bibsource = {dblp computer science bibliography, http://dblp.org}
}

@proceedings{DBLP:conf/uist/2016,
  editor    = {Jun Rekimoto and
               Takeo Igarashi and
               Jacob O. Wobbrock and
               Daniel Avrahami},
  title     = {Proceedings of the 29th Annual Symposium on User Interface Software
               and Technology, {UIST} 2016, Tokyo, Japan, October 16-19, 2016},
  publisher = {{ACM}},
  year      = {2016},
  url       = {http://doi.acm.org/10.1145/2984511},
  doi       = {10.1145/2984511},
  isbn      = {978-1-4503-4189-9},
  timestamp = {Tue, 25 Oct 2016 15:30:50 +0200},
  biburl    = {http://dblp.uni-trier.de/rec/bib/conf/uist/2016},
  bibsource = {dblp computer science bibliography, http://dblp.org}
}

%%%%%%%%%%%%%%%%%%%%%%%%%%%%%%%%%%%%%%%%%%
@inproceedings{McIlroy:1968:Components,
  added-at = {2013-01-04T16:41:11.000+0100},
  address = {Garmisch, Germany},
  author = {McIlroy, Malcolm Douglas},
  biburl = {http://www.bibsonomy.org/bibtex/2569a161bf1aa24787b4c0b76c82e8750/stammel},
  booktitle = {Proceedings of {NATO} Software Engineering Conference },
  editor = {Naur, P. and Randell, B.},
  groups = {public},
  interhash = {7d18f1f2acae2801dd7e9a5534cb6748},
  intrahash = {569a161bf1aa24787b4c0b76c82e8750},
  keywords = {components history key-reading},
  month = {October},
  pages = {138-155},
  timestamp = {2013-01-04T16:41:11.000+0100},
  title = {Mass-Produced Software Components},
  username = {pbrada},
  year = 1968
}

@Article{Dijkstra:1959:SP,
author="Dijkstra, E. W.",
title="A note on two problems in connexion with graphs",
journal="Numerische Mathematik",
year="1959",
volume="1",
number="1",
pages="269--271",
issn="0945-3245",
doi="10.1007/BF01386390",
url="http://dx.doi.org/10.1007/BF01386390"
}


%%%%%%%%%%%%%%%%%%%%%%%%%%%%%%%%%
% Websites
%%%%%%%%%%%%%%%%%%%%%%%%%%%%%%%%%

@misc{Clarkson:2012:Blossom,
  author = {Richard Clarkson},
  year = {2012},
  title = {Seamless Blossom},
  howpublished = {http://www.richardclarkson.com/blossom},
  note = {Retrieved January 27, 2017}
}


%%%%%%%%%%%%%%%%%%%%%%%%%%%%%%%%%
% Software
%%%%%%%%%%%%%%%%%%%%%%%%%%%%%%%%%
@misc{Solidworks,
	author = {Dassault Systems Corp.},
	title = {SolidWorks},
	howpublished = {http://www.solidworks.com}
}


%%%%%%%%%%%%%%%%%%%%%%%%%%%%%%%%%
% Books
%%%%%%%%%%%%%%%%%%%%%%%%%%%%%%%%%
@book{Norton:DesignOfMachinery,
  author    = {Robert L. Norton},
  title     = {Design of Machinery},
  publisher = {McGraw-Hill},
  year      = 2003,
  edition   = 3,
  month     = 4,
  note      = {Definition of Mechanism, Kinematic node/link etc.},
  isbn      = {0071215778}
}

@book{Reuleaux:Kinematics,
  author    = {Franz Reuleaux},
  title     = {The Kinematics of Machinery},
  publisher = {Dover Publications},
  year      = 1963,
  note      = {pp. 29-55}
}
